4778 6026
2115 400 2260 489 81

619 616 1010 692 Buttmanni
1073 611 1596 689 emendationem
1623 584 1762 687 Aa
1787 611 1886 709 τῷ
1929 613 2174 710 Ναΐῳ,
2235 635 2407 710 quae
2464 618 2533 687 et
2568 613 2719 709 ipsa
2770 611 3073 709 proximo
3128 610 3321 685 abest
3366 632 3409 683 a
3464 606 3771 682 ductibus

621 751 992 825 litterarum
1031 750 1138 823 διὶ
1167 774 1264 823 τω
1291 770 1495 847 ναρω.
1597 741 1811 817 Locis
1842 767 1884 817 a
1909 744 2320 819 Buttmanno
2343 746 2417 817 in
2455 744 2777 819 auxilinm
2810 744 3060 819 vocatis
3091 742 3368 844 (Steph.
3394 740 3565 839 Byz.
3610 767 3672 814 s·
3705 766 3770 815 v.

620 878 931 983 Δωδώνη
948 904 965 921 ·
1001 877 1134 957 τὸν
1159 882 1244 955 δὲ·
1271 879 1706 955 Δωδωναῖον
1737 873 1988 970 [θεὸν]
2017 880 2259 973 ἔλεγον
2283 880 2404 955 καὶ
2428 884 2698 968 Ναῖου,
2741 875 2981 952 Schol.
3008 878 3217 951 Hom.
3240 874 3443 949 Iliad.
3474 904 3559 967 π,
3596 878 3774 966 233,

618 1014 678 1089 ὁ’
705 1018 790 1091 δὲ
823 1016 1249 1104 Δωδωναῖος
1291 1015 1413 1088 καὶ
1455 1007 1724 1103 Νάϊος·
1781 1007 2056 1113 ὑδρηλοὶ
2083 1008 2219 1115 γὰρ
2251 1009 2344 1087 τὰ
2369 1018 2511 1089 ἐκεῖ
2540 1014 2793 1115 χωρξα)
2834 1010 3069 1084 addam
3112 1010 3382 1085 tertium
3400 1060 3425 1100 ,
3478 1007 3591 1105 qui
3628 1029 3771 1079 rem
3848 1060 3856 1067 -

613 1146 923 1240 conficit,
965 1144 1228 1219 Aneod.
1253 1168 1361 1240 gr.
1383 1142 1681 1218 Bekkeri
1710 1166 1785 1241 p.
1817 1146 2006 1237 283,
2061 1148 2186 1218 22.
2251 1140 2485 1235 Ναῖος
2510 1142 2730 1238 Ζεύς,
2782 1140 3017 1242 ὄνομα
3063 1144 3259 1246 ἱεροῦ
3306 1142 3445 1218 τοῦ
3477 1147 3555 1215 ἐν
3600 1142 3771 1214 Δω-

615 1275 837 1381 δώνῃ·
885 1282 1198 1381 Πέριρος
1225 1272 1386 1377 γὰρ,
1416 1271 1794 1353 ὁἸκάστου
1818 1290 1994 1369 παῖς
2027 1278 2161 1353 τοῦ
2173 1275 2473 1366 Αἰόλου,
2506 1274 2913 1381 ναυαγήσας
2928 1274 3250 1379 διεσώθη
3276 1280 3397 1355 ἐπὶ
3421 1276 3547 1376 τῆς
3573 1269 3767 1375 πρύ-

615 1440 795 1514 μνης
816 1414 935 1488 καὶ
961 1407 1314 1514 ἱδρύσατο
1341 1416 1421 1486 ἐν
1436 1403 1749 1511 Δωδώνῃ
1761 1407 1936 1503 Διὸς
1963 1414 2207 1489 Ναΐου
2235 1407 2447 1513 ἱερόν.
2486 1408 2821 1509 Col-rupta
2850 1436 3001 1487 esso
3029 1411 3230 1486 verba
3262 1416 3332 1483 et
3348 1406 3767 1481 scribendum

615 1530 974 1646 Περιήρής
1008 1541 1148 1646 γὰρ
1178 1540 1220 1620 ὁ
1240 1538 1568 1645 Ἰκαρίου,
1601 1565 1972 1641 quanquam
2003 1545 2106 1619 vel
2133 1544 2234 1618 sio
2257 1545 2520 1617 inverso
2554 1568 2707 1619 vero
2734 1544 2992 1638 ordine,
3022 1542 3188 1617 vidit
3212 1540 3308 1616 E.
3326 1544 3411 1615 de
3430 1538 3767 1633 Lasaulx,

608 1670 747 1751 das'
782 1672 1274 1777 pelaeyisclee
1309 1674 1607 1752 orakol
1633 1673 1768 1749 dee
1801 1674 2016 1751 Zem
2059 1701 2160 1751 zu
2199 1674 2537 1751 Dodona
2594 1679 2905 1774 (1840),
2970 1702 3043 1776 p.
3092 1680 3179 1771 6,
3227 1678 3359 1749 49.
3474 1673 3587 1746 De
3634 1694 3765 1769 qna

601 1812 832 1885 fabula
873 1818 1025 1884 utut
1065 1809 1488 1885 statuendum
1529 1810 1696 1903 erit,
1749 1810 1970 1907 magni
2004 1818 2110 1883 ost
2132 1810 2204 1883 in
2232 1818 2461 1883 nostra
2490 1834 2565 1882 re
2600 1810 2937 1903 momenti,
2993 1810 3168 1907 quod
3200 1808 3343 1885 eius
3374 1806 3475 1880 rei
3508 1803 3757 1877 mentio

604 1944 684 2017 fit
721 1944 790 2015 in
852 1941 1071 2017 lexico
1120 1941 1454 2017 rhetorico
1499 1940 1586 2016 ad
1645 1941 1828 2041 ipsos
1877 1954 2175 2017 oratores
2217 1942 2490 2017 Atticos
2540 1942 2824 2016 maxime
2864 1941 3298 2041 explicandos
3362 1939 3757 2037 composito,

607 2077 928 2177 oniasque
957 2082 1294 2147 auctorem
1313 2071 1679 2147 Midianam
1719 2098 1980 2173 quoqne
2013 2074 2378 2149 orationem
2409 2079 2567 2147 onte
2618 2076 2848 2149 oculos
2878 2076 3193 2150 habuisse
3222 2076 3434 2171 (volut
3472 2097 3545 2170 p.
3580 2075 3757 2163 219,

605 2212 732 2282 22.
821 2208 1010 2300 235,
1063 2210 1136 2280 6.
1178 2210 1254 2279 9.
1319 2209 1506 2301 238,
1557 2210 1685 2281 31.
1777 2208 1966 2301 245,
2021 2210 2144 2281 20.
2211 2209 2385 2300 255,
2436 2210 2513 2281 8.
2582 2207 2758 2301 265,
2812 2211 2939 2282 22.
3007 2212 3182 2303 268,
3224 2212 3301 2283 6.
3384 2210 3509 2279 27.
3579 2206 3757 2298 278,

605 2344 681 2413 8.
713 2343 836 2413 29.
892 2342 1066 2433 279,
1108 2342 1232 2415 20.
1288 2342 1466 2433 288,
1520 2342 1641 2413 18.
1705 2342 1878 2432 292,
1933 2342 2049 2414 10.
2089 2336 2242 2436 12.)
2288 2338 2401 2412 vix
2428 2348 2534 2413 est
2566 2341 2740 2438 qnod
2768 2341 3179 2433 dubitemus;
3234 2350 3310 2415 nt
3342 2338 3459 2412 ina
3484 2338 3567 2411 do
3596 2336 3761 2409 Iove
3896 2317 3903 2335 ’

603 2470 786 2546 Naio
828 2473 1052 2571 glossa
1099 2472 1314 2545 nostri
1353 2472 1484 2545 loci
1527 2495 1768 2547 mussa
1819 2471 2002 2545 facta
2042 2496 2192 2547 esso
2237 2482 2437 2573 atquo
2480 2482 2715 2549 auctor
2755 2479 2877 2551 Διὶ
2926 2478 3017 2576 τῷ
3053 2480 3259 2576 Ναΐῳ
3300 2474 3397 2547 ibi
3440 2471 3756 2570 scriptum

601 2604 934 2679 invenisse
966 2604 1294 2679 videatur.
